@Manual{dplyr,
  title = {dplyr: A Grammar of Data Manipulation},
  author = {Hadley Wickham and Romain François and Lionel Henry and Kirill Müller and Davis Vaughan},
  year = {2023},
  note = {R package version 1.1.4, https://github.com/tidyverse/dplyr},
  url = {https://dplyr.tidyverse.org},
}
 @Book{DMwR2,
    title = {Data Mining with R, learning with case studies, 2nd
      edition},
    author = {L. Torgo},
    publisher = {Chapman and Hall/CRC},
    year = {2016},
    url = {http://ltorgo.github.io/DMwR2},
  }
  @Book{nnet,
    title = {Modern Applied Statistics with S},
    author = {W. N. Venables and B. D. Ripley},
    publisher = {Springer},
    edition = {Fourth},
    address = {New York},
    year = {2002},
    note = {ISBN 0-387-95457-0},
    url = {https://www.stats.ox.ac.uk/pub/MASS4/},
  }
  @article{rpart,
  title={rpart: Recursive partitioning},
  author={Therneau, Terry M and Atkinson, Beth and Ripley, Brian and others},
  journal={R package version},
  volume={3},
  number={3.8},
  year={2010}
  }
  @Article{pROC,
    title = {pROC: an open-source package for R and S+ to analyze and
      compare ROC curves},
    author = {Xavier Robin and Natacha Turck and Alexandre Hainard and
      Natalia Tiberti and Frédérique Lisacek and Jean-Charles Sanchez
      and Markus Müller},
    year = {2011},
    journal = {BMC Bioinformatics},
    volume = {12},
    pages = {77},
  }
 @Article{heatmaply,
    author = {{Galili} and {Tal} and {O'Callaghan} and {Alan} and
      {Sidi} and {Jonathan} and {Sievert} and {Carson}},
    title = {heatmaply: an R package for creating interactive cluster
      heatmaps for online publishing},
    journal = {Bioinformatics},
    year = {2017},
    doi = {10.1093/bioinformatics/btx657},
    url =
      {https://academic.oup.com/bioinformatics/article-pdf/doi/10.1093/bioinformatics/btx657/21358327/btx657.pdf},
  }