@article{Green2009Disease,
    title = {{ Disclosure of APOE Genotype for Risk of Alzheimer's Disease }},
    year = {2009},
    journal = {New England Journal of Medicine},
    author = {Green, Robert C. and Roberts, J. Scott and Cupples, L. Adrienne and Relkin, Norman R. and Whitehouse, Peter J. and Brown, Tamsen and Eckert, Susan LaRusse and Butson, Melissa and Sadovnick, A. Dessa and Quaid, Kimberly A. and Chen, Clara and Cook-Deegan, Robert and Farrer, Lindsay A.},
    number = {3},
    month = {7},
    pages = {245--254},
    volume = {361},
    publisher = {Massachusetts Medical Society},
    url = {https://www.nejm.org/doi/full/10.1056/NEJMoa0809578},
    doi = {10.1056/NEJMOA0809578/SUPPL{\_}FILE/NEJM{\_}GREEN{\_}245SA1.PDF},
    issn = {0028-4793},
    pmid = {19605829}
}

@article{Jia2022ATypes,
    title = {{A metabolite panel that differentiates Alzheimer's disease from other dementia types}},
    year = {2022},
    journal = {Alzheimer's {\&} Dementia},
    author = {Jia, Longfei and Yang, Jianwei and Zhu, Min and Pang, Yana and Wang, Qi and Wei, Qin and Li, Ying and Li, Ting Ting and Li, Fangyu and Wang, Qigeng and Li, Yan and Wei, Yiping},
    number = {7},
    month = {7},
    pages = {1345--1356},
    volume = {18},
    publisher = {John Wiley {\&} Sons, Ltd},
    url = {https://onlinelibrary.wiley.com/doi/full/10.1002/alz.12484 https://onlinelibrary.wiley.com/doi/abs/10.1002/alz.12484 https://alz-journals.onlinelibrary.wiley.com/doi/10.1002/alz.12484},
    doi = {10.1002/ALZ.12484},
    issn = {1552-5279},
    pmid = {34786838},
    keywords = {Alzheimer's disease, dementia, diagnostic model, metabolite, neurodegenerative disease}
}

@article{Stamate2019ACohort,
    title = {{A metabolite-based machine learning approach to diagnose Alzheimer-type dementia in blood: Results from the European Medical Information Framework for Alzheimer disease biomarker discovery cohort}},
    year = {2019},
    journal = {Alzheimer's {\&} Dementia: Translational Research {\&} Clinical Interventions},
    author = {Stamate, Daniel and Kim, Min and Proitsi, Petroula and Westwood, Sarah and Baird, Alison and Nevado-Holgado, Alejo and Hye, Abdul and Bos, Isabelle and Vos, Stephanie J.B. and Vandenberghe, Rik and Teunissen, Charlotte E. and Kate, Mara Ten and Scheltens, Philip and Gabel, Silvy and Meersmans, Karen and Blin, Olivier and Richardson, Jill and De Roeck, Ellen and Engelborghs, Sebastiaan and Sleegers, Kristel and Bordet, Régis and Ramit, Lorena and Kettunen, Petronella and Tsolaki, Magda and Verhey, Frans and Alcolea, Daniel and Ll{\'{e}}o, Alberto and Peyratout, Gwendoline and Tainta, Mikel and Johannsen, Peter and Freund-Levi, Yvonne and Fr{\"{o}}lich, Lutz and Dobricic, Valerija and Frisoni, Giovanni B. and Molinuevo, José L. and Wallin, Anders and Popp, Julius and Martinez-Lage, Pablo and Bertram, Lars and Blennow, Kaj and Zetterberg, Henrik and Streffer, Johannes and Visser, Pieter J. and Lovestone, Simon and Legido-Quigley, Cristina},
    number = {1},
    month = {1},
    pages = {933--938},
    volume = {5},
    publisher = {John Wiley {\&} Sons, Ltd},
    url = {https://onlinelibrary.wiley.com/doi/full/10.1016/j.trci.2019.11.001 https://onlinelibrary.wiley.com/doi/abs/10.1016/j.trci.2019.11.001 https://alz-journals.onlinelibrary.wiley.com/doi/10.1016/j.trci.2019.11.001},
    doi = {10.1016/J.TRCI.2019.11.001},
    issn = {2352-8737},
    keywords = {AD, Alzheimer's disease, Biomarkers, EMIF, Learning, Machine, Metabolomics}
}

@article{Lin2019ADisease,
    title = {{A metabolomic approach to identifying biomarkers in blood of Alzheimer's disease}},
    year = {2019},
    journal = {Annals of Clinical and Translational Neurology},
    author = {Lin, Chia Ni and Huang, Chin Chang and Huang, Kuo Lun and Lin, Kun Ju and Yen, Tzu Chen and Kuo, Hung Chou},
    number = {3},
    month = {3},
    pages = {537--545},
    volume = {6},
    publisher = {John Wiley {\&} Sons, Ltd},
    url = {https://onlinelibrary.wiley.com/doi/full/10.1002/acn3.726 https://onlinelibrary.wiley.com/doi/abs/10.1002/acn3.726 https://onlinelibrary.wiley.com/doi/10.1002/acn3.726},
    doi = {10.1002/ACN3.726},
    issn = {2328-9503}
}

@article{Xu2023ANeuroimaging,
    title = {{A review of the application of three-dimensional convolutional neural networks for the diagnosis of Alzheimer's disease using neuroimaging}},
    year = {2023},
    journal = {Reviews in the Neurosciences},
    author = {Xu, Xinze and Lin, Lan and Sun, Shen and Wu, Shuicai},
    month = {2},
    publisher = {De Gruyter Open Ltd},
    url = {https://www.degruyter.com/document/doi/10.1515/revneuro-2022-0122/html},
    doi = {10.1515/REVNEURO-2022-0122/XML},
    issn = {21910200},
    pmid = {36729918},
    keywords = {Alzheimer's disease, computer-aided diagnosis, convolution neural network, deep learning}
}

@article{Oeckl2019ADisease,
    title = {{A Review on MS-Based Blood Biomarkers for Alzheimer’s Disease}},
    year = {2019},
    journal = {Neurology and Therapy},
    author = {Oeckl, Patrick and Otto, Markus},
    number = {2},
    month = {12},
    pages = {113--127},
    volume = {8},
    publisher = {Adis},
    url = {https://link.springer.com/article/10.1007/s40120-019-00165-4},
    doi = {10.1007/S40120-019-00165-4/TABLES/3},
    issn = {21936536},
    pmid = {31833028},
    keywords = {Alzheimer’s disease, Biomarker, Blood, MRM, Mass spectrometry, Plasma, Serum}
}

@article{Edwards2019ANeurodegeneration,
    title = {{A Unifying Hypothesis for Alzheimer's Disease: From Plaques to Neurodegeneration}},
    year = {2019},
    journal = {Trends in Neurosciences},
    author = {Edwards, Frances A.},
    number = {5},
    month = {5},
    pages = {310--322},
    volume = {42},
    publisher = {Elsevier Ltd},
    url = {http://www.cell.com/article/S016622361930027X/fulltext http://www.cell.com/article/S016622361930027X/abstract https://www.cell.com/trends/neurosciences/abstract/S0166-2236(19)30027-X},
    doi = {10.1016/j.tins.2019.03.003},
    issn = {1878108X},
    pmid = {31006494},
    keywords = {amyloid {$\beta$} plaques, cognitive failure, hyperphosphorylated Tau, microglia, neurofibrillary tangles, synaptic loss}
}

@article{Dubois2014AdvancingCriteria,
    title = {{Advancing research diagnostic criteria for Alzheimer's disease: the IWG-2 criteria}},
    year = {2014},
    journal = {The Lancet Neurology},
    author = {Dubois, Bruno and Feldman, Howard H. and Jacova, Claudia and Hampel, Harald and Molinuevo, José Luis and Blennow, Kaj and Dekosky, Steven T. and Gauthier, Serge and Selkoe, Dennis and Bateman, Randall and Cappa, Stefano and Crutch, Sebastian and Engelborghs, Sebastiaan and Frisoni, Giovanni B. and Fox, Nick C. and Galasko, Douglas and Habert, Marie Odile and Jicha, Gregory A. and Nordberg, Agneta and Pasquier, Florence and Rabinovici, Gil and Robert, Philippe and Rowe, Christopher and Salloway, Stephen and Sarazin, Marie and Epelbaum, Stéphane and de Souza, Leonardo C. and Vellas, Bruno and Visser, Pieter J. and Schneider, Lon and Stern, Yaakov and Scheltens, Philip and Cummings, Jeffrey L.},
    number = {6},
    month = {6},
    pages = {614--629},
    volume = {13},
    publisher = {Elsevier},
    url = {http://www.thelancet.com/article/S1474442214700900/fulltext http://www.thelancet.com/article/S1474442214700900/abstract https://www.thelancet.com/journals/laneur/article/PIIS1474-4422(14)70090-0/abstract},
    doi = {10.1016/S1474-4422(14)70090-0},
    issn = {1474-4422},
    pmid = {24849862}
}

@article{Dubois2014AdvancingCriteriab,
    title = {{Advancing research diagnostic criteria for Alzheimer's disease: the IWG-2 criteria}},
    year = {2014},
    journal = {The Lancet Neurology},
    author = {Dubois, Bruno and Feldman, Howard H. and Jacova, Claudia and Hampel, Harald and Molinuevo, José Luis and Blennow, Kaj and Dekosky, Steven T. and Gauthier, Serge and Selkoe, Dennis and Bateman, Randall and Cappa, Stefano and Crutch, Sebastian and Engelborghs, Sebastiaan and Frisoni, Giovanni B. and Fox, Nick C. and Galasko, Douglas and Habert, Marie Odile and Jicha, Gregory A. and Nordberg, Agneta and Pasquier, Florence and Rabinovici, Gil and Robert, Philippe and Rowe, Christopher and Salloway, Stephen and Sarazin, Marie and Epelbaum, Stéphane and de Souza, Leonardo C. and Vellas, Bruno and Visser, Pieter J. and Schneider, Lon and Stern, Yaakov and Scheltens, Philip and Cummings, Jeffrey L.},
    number = {6},
    month = {6},
    pages = {614--629},
    volume = {13},
    publisher = {Elsevier},
    url = {http://www.thelancet.com/article/S1474442214700900/fulltext http://www.thelancet.com/article/S1474442214700900/abstract https://www.thelancet.com/journals/laneur/article/PIIS1474-4422(14)70090-0/abstract},
    doi = {10.1016/S1474-4422(14)70090-0},
    issn = {1474-4422},
    pmid = {24849862}
}

@article{Scheltens2016AlzheimersDisease,
    title = {{Alzheimer's disease}},
    year = {2016},
    journal = {Lancet (London, England)},
    author = {Scheltens, Philip and Blennow, Kaj and Breteler, Monique M.B. and de Strooper, Bart and Frisoni, Giovanni B. and Salloway, Stephen and Van der Flier, Wiesje Maria},
    number = {10043},
    month = {7},
    pages = {505--517},
    volume = {388},
    publisher = {Lancet},
    url = {https://pubmed.ncbi.nlm.nih.gov/26921134/},
    doi = {10.1016/S0140-6736(15)01124-1},
    issn = {1474-547X},
    pmid = {26921134},
    keywords = {Aged, Alzheimer Disease* / diagnosis, Alzheimer Disease* / metabolism, Alzheimer Disease* / prevention {\&} control, Alzheimer Disease* / psychology, Amyloid beta-Peptides / metabolism*, Biomarkers / metabolism, Brain / metabolism*, Brain / pathology*, Cognition, Female, Fluorodeoxyglucose F18 / administration {\&} dosage, Humans, Kaj Blennow, MEDLINE, Magnetic Resonance Imaging, Male, NCBI, NIH, NLM, National Center for Biotechnology Information, National Institutes of Health, National Library of Medicine, Neuropsychological Tests, Philip Scheltens, Positron-Emission Tomography / methods, PubMed Abstract, Radiopharmaceuticals / administration {\&} dosage, Review, Risk Reduction Behavior*, Wiesje Maria Van der Flier, doi:10.1016/S0140-6736(15)01124-1, pmid:26921134, tau Proteins / metabolism*}
}

@article{Hardy2006AlzheimersReappraisal,
    title = {{Alzheimer's disease: The amyloid cascade hypothesis: An update and reappraisal}},
    year = {2006},
    journal = {Journal of Alzheimer's Disease},
    author = {Hardy, John},
    number = {s3},
    month = {1},
    pages = {151--153},
    volume = {9},
    publisher = {IOS Press},
    doi = {10.3233/JAD-2006-9S317},
    issn = {1387-2877},
    pmid = {16914853}
}

@article{Rasmussen2019AlzheimersDiagnosis,
    title = {{Alzheimer’s Disease – Why We Need Early Diagnosis}},
    year = {2019},
    journal = {Degenerative Neurological and Neuromuscular Disease},
    author = {Rasmussen, Jill and Langerman, Haya},
    month = {12},
    pages = {123},
    volume = {9},
    publisher = {Dove Press},
    url = {/pmc/articles/PMC6935598/ /pmc/articles/PMC6935598/?report=abstract https://www.ncbi.nlm.nih.gov/pmc/articles/PMC6935598/},
    doi = {10.2147/DNND.S228939},
    pmid = {31920420}
}

@article{VanDerFlier2018AmsterdamCare,
    title = {{Amsterdam Dementia Cohort: Performing Research to Optimize Care}},
    year = {2018},
    journal = {Journal of Alzheimer's disease : JAD},
    author = {Van Der Flier, Wiesje M. and Scheltens, Philip},
    number = {3},
    pages = {1091--1111},
    volume = {62},
    publisher = {J Alzheimers Dis},
    url = {https://pubmed.ncbi.nlm.nih.gov/29562540/},
    doi = {10.3233/JAD-170850},
    issn = {1875-8908},
    pmid = {29562540},
    keywords = {Alzheimer Disease / diagnosis, Alzheimer Disease / epidemiology*, Alzheimer Disease / therapy*, Biomarkers / cerebrospinal fluid, Brain / diagnostic imaging, Brain / physiopathology, Cohort Studies, Early Diagnosis, Humans, MEDLINE, Magnetic Resonance Imaging, NCBI, NIH, NLM, National Center for Biotechnology Information, National Institutes of Health, National Library of Medicine, Netherlands, Non-U.S. Gov't, PMC5870023, Philip Scheltens, PubMed Abstract, Quality Improvement, Research Support, Review, Surveys and Questionnaires, Wiesje M van der Flier, doi:10.3233/JAD-170850, pmid:29562540}
}

@article{Palmqvist2023AnDisease,
    title = {{An accurate fully automated panel of plasma biomarkers for Alzheimer's disease}},
    year = {2023},
    journal = {Alzheimer's {\&} dementia : the journal of the Alzheimer's Association},
    author = {Palmqvist, Sebastian and Stomrud, Erik and Cullen, Nicholas and Janelidze, Shorena and Manuilova, Ekaterina and Jethwa, Alexander and Bittner, Tobias and Eichenlaub, Udo and Suridjan, Ivonne and Kollmorgen, Gwendlyn and Riepe, Matthias and von Arnim, Christine A.F. and Tumani, Hayrettin and Hager, Klaus and Heidenreich, Fedor and Mattsson-Carlgren, Niklas and Zetterberg, Henrik and Blennow, Kaj and Hansson, Oskar},
    number = {4},
    month = {4},
    pages = {1204--1215},
    volume = {19},
    publisher = {Alzheimers Dement},
    url = {https://pubmed.ncbi.nlm.nih.gov/35950735/},
    doi = {10.1002/ALZ.12751},
    issn = {1552-5279},
    pmid = {35950735},
    keywords = {Alzheimer Disease* / pathology, Amyloid beta-Peptides / metabolism, Apolipoprotein E4 / genetics, Biomarkers, Cognitive Dysfunction* / diagnosis, Erik Stomrud, Extramural, Humans, MEDLINE, N.I.H., NCBI, NIH, NLM, National Center for Biotechnology Information, National Institutes of Health, National Library of Medicine, Non-U.S. Gov't, Oskar Hansson, PMC9918613, PubMed Abstract, Research Support, Sebastian Palmqvist, doi:10.1002/alz.12751, pmid:35950735, tau Proteins}
}

@article{James2023AnEdition,
    title = {{An Introduction to Statistical Learning with Applications in R Second Edition}},
    year = {2023},
    author = {James, Gareth and Witten, Daniela and Hastie, Trevor and Tibshirani, Robert}
}

@article{Serrano-Pozo2021APOEApproaches,
    title = {{APOE and Alzheimer's disease: advances in genetics, pathophysiology, and therapeutic approaches}},
    year = {2021},
    journal = {The Lancet Neurology},
    author = {Serrano-Pozo, Alberto and Das, Sudeshna and Hyman, Bradley T.},
    number = {1},
    month = {1},
    pages = {68--80},
    volume = {20},
    publisher = {Elsevier},
    url = {http://www.thelancet.com/article/S1474442220304129/fulltext http://www.thelancet.com/article/S1474442220304129/abstract https://www.thelancet.com/journals/laneur/article/PIIS1474-4422(20)30412-9/abstract},
    doi = {10.1016/S1474-4422(20)30412-9},
    issn = {1474-4422},
    pmid = {33340485}
}

@article{Husain2021APOETherapeutics,
    title = {{APOE and Alzheimer’s Disease: From Lipid Transport to Physiopathology and Therapeutics}},
    year = {2021},
    journal = {Frontiers in Neuroscience},
    author = {Husain, Mohammed Amir and Laurent, Benoit and Plourde, Mélanie},
    month = {2},
    pages = {630502},
    volume = {15},
    publisher = {Frontiers Media S.A.},
    doi = {10.3389/FNINS.2021.630502/BIBTEX},
    issn = {1662453X},
    keywords = {APOE, APOE receptors, Alzheimer’s disease, amyloid {$\beta$}, lipidation, therapeutics}
}

@article{Angelopoulou2021APOEFactors,
    title = {{APOE Genotype and Alzheimer's Disease: The Influence of Lifestyle and Environmental Factors}},
    year = {2021},
    journal = {ACS Chemical Neuroscience},
    author = {Angelopoulou, Efthalia and Paudel, Yam Nath and Papageorgiou, Sokratis G. and Piperi, Christina},
    number = {15},
    month = {8},
    pages = {2749--2764},
    volume = {12},
    publisher = {American Chemical Society},
    url = {https://pubs.acs.org/doi/full/10.1021/acschemneuro.1c00295},
    doi = {10.1021/ACSCHEMNEURO.1C00295/ASSET/IMAGES/LARGE/CN1C00295{\_}0001.JPEG},
    issn = {19487193},
    pmid = {34275270},
    keywords = {APOE4, Dementia, cognitive impairment, gene-environment interactions}
}

@article{Ashford2004APOEEpidemiology,
    title = {{APOE genotype effects on Alzheimer's disease onset and epidemiology}},
    year = {2004},
    journal = {Journal of Molecular Neuroscience},
    author = {Ashford, J. Wesson},
    number = {3},
    month = {7},
    pages = {157--165},
    volume = {23},
    publisher = {Springer},
    url = {https://link.springer.com/article/10.1385/JMN:23:3:157},
    doi = {10.1385/JMN:23:3:157/METRICS},
    issn = {08958696},
    pmid = {15181244},
    keywords = {Aging, Alzheimer's disease, Apolipoprotein E, Dementia, Epidemiology, Genetics, Gompertz}
}

@article{Raulin2022ApoEStrategies,
    title = {{ApoE in Alzheimer’s disease: pathophysiology and therapeutic strategies}},
    year = {2022},
    journal = {Molecular Neurodegeneration 2022 17:1},
    author = {Raulin, Ana Caroline and Doss, Sydney V. and Trottier, Zachary A. and Ikezu, Tadafumi C. and Bu, Guojun and Liu, Chia Chen},
    number = {1},
    month = {11},
    pages = {1--26},
    volume = {17},
    publisher = {BioMed Central},
    url = {https://molecularneurodegeneration.biomedcentral.com/articles/10.1186/s13024-022-00574-4},
    doi = {10.1186/S13024-022-00574-4},
    issn = {1750-1326},
    pmid = {36348357},
    keywords = {Molecular Medicine, Neurology, Neurosciences}
}

@article{Fernandez-Calle2022APOEDiseases,
    title = {{APOE in the bullseye of neurodegenerative diseases: impact of the APOE genotype in Alzheimer’s disease pathology and brain diseases}},
    year = {2022},
    journal = {Molecular Neurodegeneration 2022 17:1},
    author = {Fern{\'{a}}ndez-Calle, Rosalía and Konings, Sabine C. and Fronti{\~{n}}{\'{a}}n-Rubio, Javier and Garc{\'{i}}a-Revilla, Juan and Camprub{\'{i}}-Ferrer, Lluís and Svensson, Martina and Martinson, Isak and Boza-Serrano, Antonio and Venero, José Luís and Nielsen, Henrietta M. and Gouras, Gunnar K. and Deierborg, Tomas},
    number = {1},
    month = {9},
    pages = {1--47},
    volume = {17},
    publisher = {BioMed Central},
    url = {https://link.springer.com/articles/10.1186/s13024-022-00566-4 https://link.springer.com/article/10.1186/s13024-022-00566-4},
    doi = {10.1186/S13024-022-00566-4},
    issn = {1750-1326},
    pmid = {36153580},
    keywords = {Molecular Medicine, Neuroinflammation, Neurology, Neurosciences}
}

@article{Parhizkar2022APOEDisease,
    title = {{APOE mediated neuroinflammation and neurodegeneration in Alzheimer’s disease}},
    year = {2022},
    journal = {Seminars in Immunology},
    author = {Parhizkar, Samira and Holtzman, David M.},
    month = {1},
    pages = {101594},
    volume = {59},
    publisher = {Academic Press},
    doi = {10.1016/J.SMIM.2022.101594},
    issn = {1044-5323},
    pmid = {35232622},
    keywords = {Alzheimer's disease, Apolipoprotein E, Astrocytes, Inflammation, Microglia, Neurodegeneration}
}

@article{Liao2017ApolipoproteinDisease,
    title = {{Apolipoprotein E metabolism and functions in brain and its role in Alzheimer's disease}},
    year = {2017},
    journal = {Current Opinion in Lipidology},
    author = {Liao, Fan and Yoon, Hyejin and Kim, Jungsu},
    number = {1},
    pages = {60},
    volume = {28},
    publisher = {Wolters Kluwer Health},
    url = {/pmc/articles/PMC5213812/ /pmc/articles/PMC5213812/?report=abstract https://www.ncbi.nlm.nih.gov/pmc/articles/PMC5213812/},
    doi = {10.1097/MOL.0000000000000383},
    issn = {14736535},
    pmid = {27922847},
    keywords = {Alzheimer's disease, Amyloid b, Apolipoprotein E, Lipid metabolism}
}

@article{Sun2022AssociationDisease,
    title = {{Association between Human Blood Metabolome and the Risk of Alzheimer's Disease}},
    year = {2022},
    journal = {Annals of Neurology},
    author = {Sun, Lulu and Guo, Daoxia and Jia, Yiming and Shi, Mengyao and Yang, Pinni and Wang, Yu and Liu, Fanghua and Chen, Guo Chong and Zhang, Yonghong and Zhu, Zhengbao},
    number = {5},
    month = {11},
    pages = {756--767},
    volume = {92},
    publisher = {John Wiley {\&} Sons, Ltd},
    url = {https://onlinelibrary.wiley.com/doi/full/10.1002/ana.26464 https://onlinelibrary.wiley.com/doi/abs/10.1002/ana.26464 https://onlinelibrary.wiley.com/doi/10.1002/ana.26464},
    doi = {10.1002/ANA.26464},
    issn = {1531-8249},
    pmid = {35899678}
}

@article{Proitsi2017AssociationAnalysis,
    title = {{Association of blood lipids with Alzheimer's disease: A comprehensive lipidomics analysis}},
    year = {2017},
    journal = {Alzheimer's {\&} Dementia},
    author = {Proitsi, Petroula and Kim, Min and Whiley, Luke and Simmons, Andrew and Sattlecker, Martina and Velayudhan, Latha and Lupton, Michelle K. and Soininen, Hillka and Kloszewska, Iwona and Mecocci, Patrizia and Tsolaki, Magda and Vellas, Bruno and Lovestone, Simon and Powell, John F. and Dobson, Richard J.B. and Legido-Quigley, Cristina},
    number = {2},
    month = {2},
    pages = {140--151},
    volume = {13},
    publisher = {No longer published by Elsevier},
    doi = {10.1016/J.JALZ.2016.08.003},
    issn = {1552-5260},
    pmid = {27693183},
    keywords = {Alzheimer's disease, Biomarkers, Brain atrophy, Classification, Dementia, Lipidomics, Machine learning, Metabolomics, Multivariate, Random forest, Rate of cognitive decline, sMRI}
}

@article{Tynkkynen2018AssociationCohorts,
    title = {{Association of branched-chain amino acids and other circulating metabolites with risk of incident dementia and Alzheimer's disease: A prospective study in eight cohorts}},
    year = {2018},
    journal = {Alzheimer's {\&} Dementia},
    author = {Tynkkynen, Juho and Chouraki, Vincent and van der Lee, Sven J. and Hernesniemi, Jussi and Yang, Qiong and Li, Shuo and Beiser, Alexa and Larson, Martin G. and S{\"{a}}{\"{a}}ksj{\"{a}}rvi, Katri and Shipley, Martin J. and Singh-Manoux, Archana and Gerszten, Robert E. and Wang, Thomas J. and Havulinna, Aki S. and W{\"{u}}rtz, Peter and Fischer, Krista and Demirkan, Ayse and Ikram, M. Arfan and Amin, Najaf and Lehtim{\"{a}}ki, Terho and K{\"{a}}h{\"{o}}nen, Mika and Perola, Markus and Metspalu, Andres and Kangas, Antti J. and Soininen, Pasi and Ala-Korpela, Mika and Vasan, Ramachandran S. and Kivim{\"{a}}ki, Mika and van Duijn, Cornelia M. and Seshadri, Sudha and Salomaa, Veikko},
    number = {6},
    month = {6},
    pages = {723--733},
    volume = {14},
    publisher = {John Wiley {\&} Sons, Ltd},
    url = {https://onlinelibrary.wiley.com/doi/full/10.1016/j.jalz.2018.01.003 https://onlinelibrary.wiley.com/doi/abs/10.1016/j.jalz.2018.01.003 https://alz-journals.onlinelibrary.wiley.com/doi/10.1016/j.jalz.2018.01.003},
    doi = {10.1016/J.JALZ.2018.01.003},
    issn = {1552-5279},
    pmid = {29519576},
    keywords = {Alzheimer's disease, Amino acids, Biomarkers, Dementia, Metabolomics}
}

@article{Misra2009BaselineADNI,
    title = {{Baseline and longitudinal patterns of brain atrophy in MCI patients, and their use in prediction of short-term conversion to AD: Results from ADNI}},
    year = {2009},
    journal = {NeuroImage},
    author = {Misra, Chandan and Fan, Yong and Davatzikos, Christos},
    number = {4},
    month = {2},
    pages = {1415--1422},
    volume = {44},
    publisher = {Academic Press},
    doi = {10.1016/J.NEUROIMAGE.2008.10.031},
    issn = {1053-8119},
    pmid = {19027862},
    keywords = {AD, Alzheimer's disease, Early detection, Imaging biomarker, MCI, Mild cognitive impairment, Pattern classification, Structural MRI}
}

@article{Counts2016BiomarkersDisease,
    title = {{Biomarkers for the Early Detection and Progression of Alzheimer’s Disease}},
    year = {2016},
    journal = {Neurotherapeutics 2016 14:1},
    author = {Counts, Scott E. and Ikonomovic, Milos D. and Mercado, Natosha and Vega, Irving E. and Mufson, Elliott J.},
    number = {1},
    month = {10},
    pages = {35--53},
    volume = {14},
    publisher = {Springer},
    url = {https://link.springer.com/article/10.1007/s13311-016-0481-z},
    doi = {10.1007/S13311-016-0481-Z},
    issn = {1878-7479},
    pmid = {27738903},
    keywords = {Mild cognitive impairment, Neurobiology, Neurology, Neurosciences, Neurosurgery, Positron emission tomography}
}

@article{Simpson2016BloodAging,
    title = {{Blood metabolite markers of cognitive performance and brain function in aging}},
    year = {2016},
    journal = {Journal of Cerebral Blood Flow and Metabolism},
    author = {Simpson, Brittany N. and Kim, Min and Chuang, Yi Fang and Beason-Held, Lori and Kitner-Triolo, Melissa and Kraut, Michael and Lirette, Seth T. and Windham, B. Gwen and Griswold, Michael E. and Legido-Quigley, Cristina and Thambisetty, Madhav},
    number = {7},
    month = {7},
    pages = {1212--1223},
    volume = {36},
    publisher = {Nature Publishing Group},
    url = {https://journals.sagepub.com/doi/full/10.1177/0271678X15611678},
    doi = {10.1177/0271678X15611678/ASSET/IMAGES/LARGE/10.1177{\_}0271678X15611678-FIG4.JPEG},
    issn = {15597016},
    pmid = {26661209},
    keywords = {Alzheimer's disease's, biomarker, phosphatidylcholine, positron emission tomography imaging, verbal memory}
}

@article{Casanova2016BloodIndividuals,
    title = {{Blood metabolite markers of preclinical Alzheimer's disease in two longitudinally followed cohorts of older individuals}},
    year = {2016},
    journal = {Alzheimer's {\&} Dementia},
    author = {Casanova, Ramon and Varma, Sudhir and Simpson, Brittany and Kim, Min and An, Yang and Saldana, Santiago and Riveros, Carlos and Moscato, Pablo and Griswold, Michael and Sonntag, Denise and Wahrheit, Judith and Klavins, Kristaps and Jonsson, Palmi V. and Eiriksdottir, Gudny and Aspelund, Thor and Launer, Lenore J. and Gudnason, Vilmundur and Legido Quigley, Cristina and Thambisetty, Madhav},
    number = {7},
    month = {7},
    pages = {815--822},
    volume = {12},
    publisher = {No longer published by Elsevier},
    doi = {10.1016/J.JALZ.2015.12.008},
    issn = {1552-5260},
    pmid = {26806385},
    keywords = {Biomarker, Machine learning, Metabolomics, Phospholipids, Preclinical Alzheimer's disease}
}

@article{Varesi2022Blood-BasedOverview,
    title = {{Blood-Based Biomarkers for Alzheimer’s Disease Diagnosis and Progression: An Overview}},
    year = {2022},
    journal = {Cells 2022, Vol. 11, Page 1367},
    author = {Varesi, Angelica and Carrara, Adelaide and Pires, Vitor Gomes and Floris, Valentina and Pierella, Elisa and Savioli, Gabriele and Prasad, Sakshi and Esposito, Ciro and Ricevuti, Giovanni and Chirumbolo, Salvatore and Pascale, Alessia},
    number = {8},
    month = {4},
    pages = {1367},
    volume = {11},
    publisher = {Multidisciplinary Digital Publishing Institute},
    url = {https://www.mdpi.com/2073-4409/11/8/1367/htm https://www.mdpi.com/2073-4409/11/8/1367},
    doi = {10.3390/CELLS11081367},
    issn = {2073-4409},
    pmid = {35456047},
    keywords = {Alzheimer’s disease, amyloid, beta, biomarker, diagnosis, gut microbiota, lipid, miRNA, oxidative stress, tau, vitamin}
}

@article{deLeeuw2017Blood-basedDisease,
    title = {{Blood-based metabolic signatures in Alzheimer's disease}},
    year = {2017},
    journal = {Alzheimer's {\&} Dementia: Diagnosis, Assessment {\&} Disease Monitoring},
    author = {de Leeuw, Francisca A. and Peeters, Carel F.W. and Kester, Maartje I. and Harms, Amy C. and Struys, Eduard A. and Hankemeier, Thomas and van Vlijmen, Herman W.T. and van der Lee, Sven J. and van Duijn, Cornelia M. and Scheltens, Philip and Demirkan, Ayşe and van de Wiel, Mark A. and van der Flier, Wiesje M. and Teunissen, Charlotte E.},
    month = {1},
    pages = {196--207},
    volume = {8},
    publisher = {No longer published by Elsevier},
    doi = {10.1016/J.DADM.2017.07.006},
    issn = {2352-8729},
    arxivId = {1709.07285},
    keywords = {Alzheimer's disease, Amino acids, Biomarkers, Graphical modeling, Metabolomics, Oxidative stress}
}

@article{DeLeeuwBLOOD-BASEDMETHODS,
    title = {{BLOOD-BASED METABOLIC SIGNATURES IN ALZHEIMER'S DISEASE: SUPPLEMENTARY TEXT 1 METABOLITE ANALYSIS METHODS}},
    author = {De Leeuw, Francisca A and Peeters, Carel F W and Kester, Maartje I and Harms, Amy C and Struys, Eduard A and Hankemeier, Thomas and Van Vlijmen, Herman W T and Van Der Lee, Sven J and Van Duijn, Cornelia M and Scheltens, Philip and Demirkan, Ays¸e Ays¸e and Van De Wiel, Mark A and Van Der Flier, Wiesje M and Teunissen, Charlotte E}
}

@article{Varma2018BrainStudy,
    title = {{Brain and blood metabolite signatures of pathology and progression in Alzheimer disease: A targeted metabolomics study}},
    year = {2018},
    journal = {PLOS Medicine},
    author = {Varma, Vijay R. and Oommen, Anup M. and Varma, Sudhir and Casanova, Ramon and An, Yang and Andrews, Ryan M. and O’Brien, Richard and Pletnikova, Olga and Troncoso, Juan C. and Toledo, Jon and Baillie, Rebecca and Arnold, Matthias and Kastenmueller, Gabi and Nho, Kwangsik and Doraiswamy, P. Murali and Saykin, Andrew J. and Kaddurah-Daouk, Rima and Legido-Quigley, Cristina and Thambisetty, Madhav},
    number = {1},
    month = {1},
    pages = {e1002482},
    volume = {15},
    publisher = {Public Library of Science},
    url = {https://journals.plos.org/plosmedicine/article?id=10.1371/journal.pmed.1002482},
    isbn = {1111111111},
    doi = {10.1371/JOURNAL.PMED.1002482},
    issn = {1549-1676},
    pmid = {29370177},
    keywords = {Alzheimer's disease, Blood, Cerebrospinal fluid, Cognitive impairment, Metabolic pathways, Metabolites, Metabolomics, Sphingolipids}
}

@article{Huo2020BrainAnalysis,
    title = {{Brain and blood metabolome for Alzheimer's dementia: findings from a targeted metabolomics analysis}},
    year = {2020},
    journal = {Neurobiology of Aging},
    author = {Huo, Zhiguang and Yu, Lei and Yang, Jingyun and Zhu, Yun and Bennett, David A. and Zhao, Jinying},
    month = {2},
    pages = {123--133},
    volume = {86},
    publisher = {Elsevier},
    doi = {10.1016/J.NEUROBIOLAGING.2019.10.014},
    issn = {0197-4580},
    pmid = {31785839},
    keywords = {AD neuropathology, Alzheimer's dementia, Cognitive decline, Postmortem brain metabolomics, Targeted metabolomics}
}

@article{Benjamini1995ControllingTesting,
    title = {{Controlling the False Discovery Rate: A Practical and Powerful Approach to Multiple Testing}},
    year = {1995},
    journal = {Journal of the Royal Statistical Society. Series B (Methodological)},
    author = {Benjamini, Yoav and Hochberg, Yosef},
    number = {1},
    pages = {289--300},
    volume = {57},
    isbn = {1023072346},
    doi = {10.2307/2346101},
    issn = {00359246},
    pmid = {2346101},
    arxivId = {0035-9246/95/57289}
}

@article{2023Cost-effectiveStratification,
    title = {{Cost-effective Alzheimer's disease detection using plasma p-tau217-based risk stratification}},
    year = {2023},
    journal = {Nature aging},
    number = {9},
    month = {9},
    pages = {1053--1054},
    volume = {3},
    publisher = {Nat Aging},
    url = {https://pubmed.ncbi.nlm.nih.gov/37653257/},
    doi = {10.1038/S43587-023-00485-Z},
    issn = {2662-8465},
    pmid = {37653257},
    keywords = {Alzheimer Disease* / diagnosis, Cost-Benefit Analysis, Humans, MEDLINE, NCBI, NIH, NLM, National Center for Biotechnology Information, National Institutes of Health, National Library of Medicine, PubMed Abstract, Risk Assessment, doi:10.1038/s43587-023-00485-z, pmid:37653257}
}

@article{Lord2020DecipheringStudy,
    title = {{Deciphering the causal relationship between blood metabolites and Alzheimer’s Disease: a Mendelian Randomization study}},
    year = {2020},
    journal = {medRxiv},
    author = {Lord, Jodie and Jermy, Bradley and Green, Rebecca and Wong, Andrew and Xu, Jin and Legido-Quigley, Cristina and Dobson, Richard and Richards, Marcus and Proitsi, Petroula},
    month = {4},
    pages = {2020.04.28.20083253},
    publisher = {Cold Spring Harbor Laboratory Press},
    url = {https://www.medrxiv.org/content/10.1101/2020.04.28.20083253v1 https://www.medrxiv.org/content/10.1101/2020.04.28.20083253v1.abstract},
    doi = {10.1101/2020.04.28.20083253}
}

@article{Song2015DecisionPrediction,
    title = {{Decision tree methods: applications for classification and prediction}},
    year = {2015},
    journal = {Shanghai Archives of Psychiatry},
    author = {Song, Yan Yan and Lu, Ying},
    number = {2},
    month = {4},
    pages = {130},
    volume = {27},
    publisher = {Shanghai Mental Health Center},
    url = {/pmc/articles/PMC4466856/ /pmc/articles/PMC4466856/?report=abstract https://www.ncbi.nlm.nih.gov/pmc/articles/PMC4466856/},
    doi = {10.11919/J.ISSN.1002-0829.215044},
    issn = {10020829},
    pmid = {26120265},
    keywords = {Classification, Data mining, Decision tree, Prediction}
}

@article{Porsteinsson2021Diagnosis2021,
    title = {{Diagnosis of Early Alzheimer’s Disease: Clinical Practice in 2021}},
    year = {2021},
    journal = {The Journal of Prevention of Alzheimer's Disease 2021 8:3},
    author = {Porsteinsson, A. P. and Isaacson, R. S. and Knox, Sean and Sabbagh, M. N. and Rubino, I.},
    number = {3},
    month = {6},
    pages = {371--386},
    volume = {8},
    publisher = {Springer},
    url = {https://link.springer.com/article/10.14283/jpad.2021.23},
    doi = {10.14283/JPAD.2021.23},
    issn = {2426-0266},
    pmid = {34101796},
    keywords = {Geriatrics/Gerontology, Neurology, early diagnosis}
}

@article{Ashton2022DifferentialMonitoring,
    title = {{Differential roles of A{$\beta$}42/40, p-tau231 and p-tau217 for Alzheimer's trial selection and disease monitoring}},
    year = {2022},
    journal = {Nature medicine},
    author = {Ashton, Nicholas J. and Janelidze, Shorena and Mattsson-Carlgren, Niklas and Binette, Alexa Pichet and Strandberg, Olof and Brum, Wagner S. and Karikari, Thomas K. and Gonz{\'{a}}lez-Ortiz, Fernándo and Di Molfetta, Guglielmo and Meda, Francisco J. and Jonaitis, Erin M. and Koscik, Rebecca Langhough and Cody, Karly and Betthauser, Tobey J. and Li, Yan and Vanmechelen, Eugeen and Palmqvist, Sebastian and Stomrud, Erik and Bateman, Randall J. and Zetterberg, Henrik and Johnson, Sterling C. and Blennow, Kaj and Hansson, Oskar},
    number = {12},
    month = {12},
    pages = {2555--2562},
    volume = {28},
    publisher = {Nat Med},
    url = {https://pubmed.ncbi.nlm.nih.gov/36456833/},
    doi = {10.1038/S41591-022-02074-W},
    issn = {1546-170X},
    pmid = {36456833},
    keywords = {Alzheimer Disease* / pathology, Amyloid beta-Peptides, Atrophy, Biomarkers, Cognitive Dysfunction*, Disease Progression, Extramural, Humans, MEDLINE, N.I.H., NCBI, NIH, NLM, National Center for Biotechnology Information, National Institutes of Health, National Library of Medicine, Nicholas J Ashton, Non-U.S. Gov't, Oskar Hansson, PMC9800279, PubMed Abstract, Research Support, Shorena Janelidze, doi:10.1038/s41591-022-02074-w, pmid:36456833, tau Proteins}
}

@article{Lord2022DisentanglingDisease,
    title = {{Disentangling Independent and Mediated Causal Relationships Between Blood Metabolites, Cognitive Factors, and Alzheimer's Disease}},
    year = {2022},
    journal = {Biological Psychiatry Global Open Science},
    author = {Lord, Jodie and Green, Rebecca and Choi, Shing Wan and H{\"{u}}bel, Christopher and Aarsland, Dag and Velayudhan, Latha and Sham, Pak and Legido-Quigley, Cristina and Richards, Marcus and Dobson, Richard and Proitsi, Petroula},
    number = {2},
    month = {4},
    pages = {167--179},
    volume = {2},
    publisher = {Elsevier},
    url = {https://kclpure.kcl.ac.uk/portal/en/publications/disentangling-independent-and-mediated-causal-relationships-betwe},
    doi = {10.1016/J.BPSGOS.2021.07.010},
    issn = {2667-1743},
    keywords = {Biomarkers, Causality, Mediation, Mendelian randomization, Polygenic scores}
}

@article{Lord2022DisentanglingDiseaseb,
    title = {{Disentangling Independent and Mediated Causal Relationships Between Blood Metabolites, Cognitive Factors, and Alzheimer’s Disease}},
    year = {2022},
    journal = {Biological Psychiatry Global Open Science},
    author = {Lord, Jodie and Green, Rebecca and Choi, Shing Wan and H{\"{u}}bel, Christopher and Aarsland, Dag and Velayudhan, Latha and Sham, Pak and Legido-Quigley, Cristina and Richards, Marcus and Dobson, Richard and Proitsi, Petroula},
    number = {2},
    month = {4},
    pages = {167--179},
    volume = {2},
    publisher = {Elsevier},
    doi = {10.1016/J.BPSGOS.2021.07.010},
    issn = {2667-1743},
    keywords = {Biomarkers, Causality, Mediation, Mendelian randomization, Polygenic scores}
}

@article{Diogo2022EarlyApproach,
    title = {{Early diagnosis of Alzheimer’s disease using machine learning: a multi-diagnostic, generalizable approach}},
    year = {2022},
    journal = {Alzheimer's Research and Therapy},
    author = {Diogo, Vasco Sá and Ferreira, Hugo Alexandre and Prata, Diana},
    number = {1},
    month = {12},
    pages = {1--21},
    volume = {14},
    publisher = {BioMed Central Ltd},
    url = {https://alzres.biomedcentral.com/articles/10.1186/s13195-022-01047-y},
    doi = {10.1186/S13195-022-01047-Y/FIGURES/4},
    issn = {17589193},
    pmid = {35922851},
    keywords = {Alzheimer’s disease, Classification, Dementia, Early diagnosis, Graph theory, Machine learning, Mild cognitive impairment, Prognosis}
}

@article{Diogo2022EarlyApproachb,
    title = {{Early diagnosis of Alzheimer’s disease using machine learning: a multi-diagnostic, generalizable approach}},
    year = {2022},
    journal = {Alzheimer's Research and Therapy},
    author = {Diogo, Vasco Sá and Ferreira, Hugo Alexandre and Prata, Diana},
    number = {1},
    month = {12},
    pages = {1--21},
    volume = {14},
    publisher = {BioMed Central Ltd},
    url = {https://alzres.biomedcentral.com/articles/10.1186/s13195-022-01047-y},
    doi = {10.1186/S13195-022-01047-Y/FIGURES/4},
    issn = {17589193},
    pmid = {35922851},
    keywords = {Alzheimer’s disease, Classification, Dementia, Early diagnosis, Graph theory, Machine learning, Mild cognitive impairment, Prognosis}
}

@article{Gan2022EffectsPopulation,
    title = {{Effects of APOE gene {$\epsilon$}4 allele on serum lipid profiles and risk of cardiovascular disease and tumorigenesis in southern Chinese population}},
    year = {2022},
    journal = {World Journal of Surgical Oncology},
    author = {Gan, Caiyan and Zhang, Yinmei and Liang, Fei and Guo, Xuemin and Zhong, Zhixiong},
    number = {1},
    month = {12},
    pages = {1--12},
    volume = {20},
    publisher = {BioMed Central Ltd},
    url = {https://wjso.biomedcentral.com/articles/10.1186/s12957-022-02748-2},
    doi = {10.1186/S12957-022-02748-2/FIGURES/2},
    issn = {14777819},
    pmid = {36057714},
    keywords = {Apolipoprotein E, Cardiovascular disease, Gene polymorphism, Southern China, Tumor}
}

@article{Sorbi2012EFNS-ENSDementia,
    title = {{EFNS-ENS Guidelines on the diagnosis and management of disorders associated with dementia}},
    year = {2012},
    journal = {European Journal of Neurology},
    author = {Sorbi, S. and Hort, J. and Erkinjuntti, T. and Fladby, T. and Gainotti, G. and Gurvit, H. and Nacmias, B. and Pasquier, F. and Popescu, B. O. and Rektorova, I. and Religa, D. and Rusina, R. and Rossor, M. and Schmidt, R. and Stefanova, E. and Warren, J. D. and Scheltens, P.},
    number = {9},
    month = {9},
    pages = {1159--1179},
    volume = {19},
    publisher = {John Wiley {\&} Sons, Ltd},
    url = {https://onlinelibrary.wiley.com/doi/full/10.1111/j.1468-1331.2012.03784.x https://onlinelibrary.wiley.com/doi/abs/10.1111/j.1468-1331.2012.03784.x https://onlinelibrary.wiley.com/doi/10.1111/j.1468-1331.2012.03784.x},
    doi = {10.1111/J.1468-1331.2012.03784.X},
    issn = {1468-1331},
    pmid = {22891773},
    keywords = {dementia, diagnosis, guideline, management, recommendation, review, treatment}
}

@article{Li2023EnsembleDisease,
    title = {{Ensemble of convolutional neural networks and multilayer perceptron for the diagnosis of mild cognitive impairment and Alzheimer's disease}},
    year = {2023},
    journal = {Medical Physics},
    author = {Li, Minglei and Jiang, Yuchen and Li, Xiang and Yin, Shen and Luo, Hao},
    number = {1},
    month = {1},
    pages = {209--225},
    volume = {50},
    publisher = {John Wiley {\&} Sons, Ltd},
    url = {https://onlinelibrary.wiley.com/doi/full/10.1002/mp.15985 https://onlinelibrary.wiley.com/doi/abs/10.1002/mp.15985 https://aapm.onlinelibrary.wiley.com/doi/10.1002/mp.15985},
    doi = {10.1002/MP.15985},
    issn = {2473-4209},
    pmid = {36121183},
    keywords = {Alzheimer's disease, aided diagnosis, computer, ensemble learning, magnetic resonance imaging, multiple instance learning}
}

@article{Beydoun2014EpidemiologicMeta-analysis,
    title = {{Epidemiologic studies of modifiable factors associated with cognition and dementia: Systematic review and meta-analysis}},
    year = {2014},
    journal = {BMC Public Health},
    author = {Beydoun, May A. and Beydoun, Hind A. and Gamaldo, Alyssa A. and Teel, Alison and Zonderman, Alan B. and Wang, Youfa},
    number = {1},
    month = {6},
    pages = {1--33},
    volume = {14},
    publisher = {BioMed Central Ltd.},
    url = {https://bmcpublichealth.biomedcentral.com/articles/10.1186/1471-2458-14-643},
    doi = {10.1186/1471-2458-14-643/FIGURES/3},
    issn = {14712458},
    pmid = {24962204},
    keywords = {Alzheimer's disease, Cognition, Dementia, Meta-analysis, Nutrition, Risk factor}
}

@article{Therriault2023EquivalenceDisease,
    title = {{Equivalence of plasma p-tau217 with cerebrospinal fluid in the diagnosis of Alzheimer's disease}},
    year = {2023},
    journal = {Alzheimer's {\&} dementia : the journal of the Alzheimer's Association},
    author = {Therriault, Joseph and Servaes, Stijn and Tissot, Cécile and Rahmouni, Nesrine and Ashton, Nicholas J. and Benedet, Andréa Lessa and Karikari, Thomas K. and Macedo, Arthur C. and Lussier, Firoza Z. and Stevenson, Jenna and Wang, Yi Ting and Fernandez-Arias, Jaime and Stevenson, Alyssa and Socualaya, Kely Quispialaya and Haeger, Arlette and Nazneen, Tahnia and Aumont, Étienne and Hosseini, Ali and Rej, Soham and Vitali, Paolo and Triana-Baltzer, Gallen and Kolb, Hartmuth C. and Soucy, Jean Paul and Pascoal, Tharick A. and Gauthier, Serge and Zetterberg, Henrik and Blennow, Kaj and Rosa-Neto, Pedro},
    publisher = {Alzheimers Dement},
    url = {https://pubmed.ncbi.nlm.nih.gov/37078495/},
    doi = {10.1002/ALZ.13026},
    issn = {1552-5279},
    pmid = {37078495},
    keywords = {Joseph Therriault, MEDLINE, NCBI, NIH, NLM, National Center for Biotechnology Information, National Institutes of Health, National Library of Medicine, Pedro Rosa-Neto, PubMed Abstract, Stijn Servaes, doi:10.1002/alz.13026, pmid:37078495}
}

@article{Mangino2020EuthanasiaNetherlands,
    title = {{Euthanasia and Assisted Suicide of Persons With Dementia in the Netherlands}},
    year = {2020},
    journal = {The American journal of geriatric psychiatry : official journal of the American Association for Geriatric Psychiatry},
    author = {Mangino, Dominic R. and Nicolini, Marie E. and De Vries, Raymond G. and Kim, Scott Y.H.},
    number = {4},
    month = {4},
    pages = {466--477},
    volume = {28},
    publisher = {Am J Geriatr Psychiatry},
    url = {https://pubmed.ncbi.nlm.nih.gov/31537470/},
    doi = {10.1016/J.JAGP.2019.08.015},
    issn = {1545-7214},
    pmid = {31537470},
    keywords = {80 and over, Aged, Assisted / legislation {\&} jurisprudence, Assisted / statistics {\&} numerical data*, Chronic Disease, Decision Making, Dementia / therapy*, Dominic R Mangino, Euthanasia / legislation {\&} jurisprudence, Euthanasia / statistics {\&} numerical data*, Female, Government Regulation, Humans, Intramural, MEDLINE, Male, Marie E Nicolini, Mental Competency*, Middle Aged, N.I.H., NCBI, NIH, NLM, National Center for Biotechnology Information, National Institutes of Health, National Library of Medicine, Netherlands, PMC7035163, Physicians / legislation {\&} jurisprudence, Physicians / psychology*, PubMed Abstract, Research Support, Scott Y H Kim, Standard of Care, Suicide, Treatment Refusal / statistics {\&} numerical data, doi:10.1016/j.jagp.2019.08.015, pmid:31537470}
}

@article{Alamro2023ExploitingTargets,
    title = {{Exploiting machine learning models to identify novel Alzheimer's disease biomarkers and potential targets}},
    year = {2023},
    journal = {Scientific reports},
    author = {Alamro, Hind and Thafar, Maha A. and Albaradei, Somayah and Gojobori, Takashi and Essack, Magbubah and Gao, Xin},
    number = {1},
    month = {3},
    pages = {4979},
    volume = {13},
    publisher = {Sci Rep},
    url = {https://pubmed.ncbi.nlm.nih.gov/36973386/},
    doi = {10.1038/S41598-023-30904-5},
    issn = {2045-2322},
    pmid = {36973386},
    keywords = {Algorithms, Alzheimer Disease* / diagnosis, Alzheimer Disease* / genetics, Biomarkers, Hind Alamro, Humans, MEDLINE, Maha A Thafar, MicroRNAs* / genetics, MicroRNAs* / metabolism, NCBI, NIH, NLM, National Center for Biotechnology Information, National Institutes of Health, National Library of Medicine, PMC10043000, PubMed Abstract, Review, Transcription Factors, Xin Gao, doi:10.1038/s41598-023-30904-5, pmid:36973386}
}

@article{Rahman2021ExtracellularPathology,
    title = {{Extracellular protein components of amyloid plaques and their roles in Alzheimer’s disease pathology}},
    year = {2021},
    journal = {Molecular Neurodegeneration 2021 16:1},
    author = {Rahman, M. Mahafuzur and Lendel, Christofer},
    number = {1},
    month = {8},
    pages = {1--30},
    volume = {16},
    publisher = {BioMed Central},
    url = {https://molecularneurodegeneration.biomedcentral.com/articles/10.1186/s13024-021-00465-0},
    doi = {10.1186/S13024-021-00465-0},
    issn = {1750-1326},
    pmid = {34454574},
    keywords = {Molecular Medicine, Neurology, Neurosciences, Protein interaction network, Senile plaque}
}

@article{Warren2023FunctionalReview,
    title = {{Functional magnetic resonance imaging, deep learning, and Alzheimer's disease: A systematic review}},
    year = {2023},
    journal = {Journal of Neuroimaging},
    author = {Warren, Samuel L. and Moustafa, Ahmed A.},
    number = {1},
    month = {1},
    pages = {5--18},
    volume = {33},
    publisher = {John Wiley {\&} Sons, Ltd},
    url = {https://onlinelibrary.wiley.com/doi/full/10.1111/jon.13063 https://onlinelibrary.wiley.com/doi/abs/10.1111/jon.13063 https://onlinelibrary.wiley.com/doi/10.1111/jon.13063},
    doi = {10.1111/JON.13063},
    issn = {1552-6569},
    pmid = {36257926},
    keywords = {Alzheimer's disease (AD), assisted diagnosis (CAD), computer, deep learning, deep neural networks (DNN), functional connectivity, functional magnetic resonance imaging (fMRI)}
}

@article{Warren2023FunctionalReviewb,
    title = {{Functional magnetic resonance imaging, deep learning, and Alzheimer's disease: A systematic review}},
    year = {2023},
    journal = {Journal of Neuroimaging},
    author = {Warren, Samuel L. and Moustafa, Ahmed A.},
    number = {1},
    month = {1},
    pages = {5--18},
    volume = {33},
    publisher = {John Wiley {\&} Sons, Ltd},
    url = {https://onlinelibrary.wiley.com/doi/full/10.1111/jon.13063 https://onlinelibrary.wiley.com/doi/abs/10.1111/jon.13063 https://onlinelibrary.wiley.com/doi/10.1111/jon.13063},
    doi = {10.1111/JON.13063},
    issn = {1552-6569},
    pmid = {36257926},
    keywords = {Alzheimer's disease (AD), assisted diagnosis (CAD), computer, deep learning, deep neural networks (DNN), functional connectivity, functional magnetic resonance imaging (fMRI)}
}

@article{Jack2010HypotheticalCascade,
    title = {{Hypothetical model of dynamic biomarkers of the Alzheimer's pathological cascade}},
    year = {2010},
    journal = {The Lancet Neurology},
    author = {Jack, Clifford R. and Knopman, David S. and Jagust, William J. and Shaw, Leslie M. and Aisen, Paul S. and Weiner, Michael W. and Petersen, Ronald C. and Trojanowski, John Q.},
    number = {1},
    month = {1},
    pages = {119--128},
    volume = {9},
    publisher = {Elsevier},
    url = {http://www.thelancet.com/article/S1474442209702996/fulltext http://www.thelancet.com/article/S1474442209702996/abstract https://www.thelancet.com/journals/laneur/article/PIIS1474-4422(09)70299-6/abstract},
    doi = {10.1016/S1474-4422(09)70299-6},
    issn = {1474-4422},
    pmid = {20083042}
}

@article{Jack2010HypotheticalCascadeb,
    title = {{Hypothetical model of dynamic biomarkers of the Alzheimer's pathological cascade}},
    year = {2010},
    journal = {The Lancet Neurology},
    author = {Jack, Clifford R. and Knopman, David S. and Jagust, William J. and Shaw, Leslie M. and Aisen, Paul S. and Weiner, Michael W. and Petersen, Ronald C. and Trojanowski, John Q.},
    number = {1},
    month = {1},
    pages = {119--128},
    volume = {9},
    publisher = {Elsevier},
    url = {http://www.thelancet.com/article/S1474442209702996/fulltext http://www.thelancet.com/article/S1474442209702996/abstract https://www.thelancet.com/journals/laneur/article/PIIS1474-4422(09)70299-6/abstract},
    doi = {10.1016/S1474-4422(09)70299-6},
    issn = {1474-4422},
    pmid = {20083042}
}

@article{Lahmiri2023IntegratingImages,
    title = {{Integrating convolutional neural networks, kNN, and Bayesian optimization for efficient diagnosis of Alzheimer's disease in magnetic resonance images}},
    year = {2023},
    journal = {Biomedical Signal Processing and Control},
    author = {Lahmiri, Salim},
    month = {2},
    pages = {104375},
    volume = {80},
    publisher = {Elsevier},
    doi = {10.1016/J.BSPC.2022.104375},
    issn = {1746-8094},
    keywords = {Alzheimer disease, Bayesian optimization, Classification, Convolutional neural networks, Deep learning, MRI, kNN}
}

@article{Green2023InvestigatingDisease,
    title = {{Investigating associations between blood metabolites, later life brain imaging measures, and genetic risk for Alzheimer’s disease}},
    year = {2023},
    journal = {Alzheimer's Research and Therapy},
    author = {Green, Rebecca E. and Lord, Jodie and Scelsi, Marzia A. and Xu, Jin and Wong, Andrew and Naomi-James, Sarah and Handy, Alex and Gilchrist, Lachlan and Williams, Dylan M. and Parker, Thomas D. and Lane, Christopher A. and Malone, Ian B. and Cash, David M. and Sudre, Carole H. and Coath, William and Thomas, David L. and Keuss, Sarah and Dobson, Richard and Legido-Quigley, Cristina and Fox, Nick C. and Schott, Jonathan M. and Richards, Marcus and Proitsi, Petroula},
    number = {1},
    month = {12},
    pages = {1--13},
    volume = {15},
    publisher = {BioMed Central Ltd},
    url = {https://alzres.biomedcentral.com/articles/10.1186/s13195-023-01184-y http://creativecommons.org/publicdomain/zero/1.0/},
    doi = {10.1186/S13195-023-01184-Y/FIGURES/3},
    issn = {17589193},
    pmid = {36814324},
    keywords = {Ageing, Alzheimer’s disease, Birth cohort, Brain imaging, Dementia, Metabolites, Polygenic scores, Weighted-gene coexpression network analysis}
}

@article{Lord2021MendelianDisease,
    title = {{Mendelian randomization identifies blood metabolites previously linked to midlife cognition as causal candidates in Alzheimer's disease}},
    year = {2021},
    journal = {Proceedings of the National Academy of Sciences of the United States of America},
    author = {Lord, Jodie and Jermy, Bradley and Green, Rebecca and Wong, Andrew and Xu, Jin and Legido-Quigley, Cristina and Dobson, Richard and Richards, Marcus and Proitsi, Petroula},
    number = {16},
    month = {4},
    pages = {e2009808118},
    volume = {118},
    publisher = {National Academy of Sciences},
    url = {https://www.pnas.org/doi/abs/10.1073/pnas.2009808118},
    doi = {10.1073/PNAS.2009808118/SUPPL{\_}FILE/PNAS.2009808118.SD16.XLSX},
    issn = {10916490},
    pmid = {33879569},
    keywords = {Alzheimer's disease, Biomarkers, Causality, Mendelian randomization, Metabolomics}
}

@article{Sriwichaiin2021MetabolomicStudies,
    title = {{Metabolomic Alterations in the Blood and Brain in Association with Alzheimer’s Disease: Evidence from in vivo to Clinical Studies}},
    year = {2021},
    journal = {Journal of Alzheimer's Disease},
    author = {Sriwichaiin, Sirawit and Chattipakorn, Nipon and Chattipakorn, Siriporn C.},
    number = {1},
    month = {1},
    pages = {23--50},
    volume = {84},
    publisher = {IOS Press},
    doi = {10.3233/JAD-210737},
    issn = {1387-2877},
    pmid = {34511504},
    keywords = {Aging, Alzheimer's disease, dementia, metabolomics}
}

@article{Barcelo2020ModelComplexity,
    title = {{Model Interpretability through the Lens of Computational Complexity}},
    year = {2020},
    journal = {Advances in Neural Information Processing Systems},
    author = {Barcel{\'{o}}, Pablo and Monet, Mikaël and P{\'{e}}rez, Jorge and Subercaseaux, Bernardo},
    month = {10},
    volume = {2020-December},
    publisher = {Neural information processing systems foundation},
    url = {https://arxiv.org/abs/2010.12265v2},
    issn = {10495258},
    arxivId = {2010.12265}
}

@article{Oka2023MultiomicsCohort,
    title = {{Multiomics analysis to explore blood metabolite biomarkers in an Alzheimer’s Disease Neuroimaging Initiative cohort}},
    year = {2023},
    author = {Oka, Takaki and Matsuzawa, Yuki and Tsuneyoshi, Momoka and Nakamura, Yoshitaka},
    month = {6},
    url = {https://www.researchsquare.com https://www.researchsquare.com/article/rs-2973576/v1},
    doi = {10.21203/RS.3.RS-2973576/V1}
}

@article{Oka2023MultiomicsCohortb,
    title = {{Multiomics analysis to explore blood metabolite biomarkers in an Alzheimer’s Disease Neuroimaging Initiative cohort}},
    year = {2023},
    author = {Oka, Takaki and Matsuzawa, Yuki and Tsuneyoshi, Momoka and Nakamura, Yoshitaka},
    month = {6},
    url = {https://www.researchsquare.com https://www.researchsquare.com/article/rs-2973576/v1},
    doi = {10.21203/RS.3.RS-2973576/V1}
}

@book{Barabasi2015NetworkScience,
    title = {{Network Science}},
    year = {2015},
    author = {Barab{\'{a}}si, Albert-László},
    publisher = {Cambridge University Press},
    url = {http://networksciencebook.com/}
}

@misc{NetworkBarabasi,
    title = {{Network Science by Albert-L{\'{a}}szl{\'{o}} Barab{\'{a}}si}},
    url = {http://networksciencebook.com/}
}

@article{Geman1992NeuralDilemma,
    title = {{Neural Networks and the Bias/Variance Dilemma}},
    year = {1992},
    journal = {Neural Computation},
    author = {Geman, Stuart and Bienenstock, Elie and Doursat, René},
    number = {1},
    month = {1},
    pages = {1--58},
    volume = {4},
    publisher = {MIT Press},
    url = {https://dx.doi.org/10.1162/neco.1992.4.1.1},
    doi = {10.1162/NECO.1992.4.1.1},
    issn = {0899-7667}
}

@article{Heneka2015NeuroinflammationDisease,
    title = {{Neuroinflammation in Alzheimer's disease}},
    year = {2015},
    journal = {The Lancet. Neurology},
    author = {Heneka, Michael T. and Carson, Monica J. and Khoury, Joseph El and Landreth, Gary E. and Brosseron, Frederic and Feinstein, Douglas L. and Jacobs, Andreas H. and Wyss-Coray, Tony and Vitorica, Javier and Ransohoff, Richard M. and Herrup, Karl and Frautschy, Sally A. and Finsen, Bente and Brown, Guy C. and Verkhratsky, Alexei and Yamanaka, Koji and Koistinaho, Jari and Latz, Eicke and Halle, Annett and Petzold, Gabor C. and Town, Terrence and Morgan, Dave and Shinohara, Mari L. and Perry, V. Hugh and Holmes, Clive and Bazan, Nicolas G. and Brooks, David J. and Hunot, Stéphane and Joseph, Bertrand and Deigendesch, Nikolaus and Garaschuk, Olga and Boddeke, Erik and Dinarello, Charles A. and Breitner, John C. and Cole, Greg M. and Golenbock, Douglas T. and Kummer, Markus P.},
    number = {4},
    month = {4},
    pages = {388--405},
    volume = {14},
    publisher = {Lancet Neurol},
    url = {https://pubmed.ncbi.nlm.nih.gov/25792098/},
    doi = {10.1016/S1474-4422(15)70016-5},
    issn = {1474-4465},
    pmid = {25792098},
    keywords = {Alzheimer Disease* / genetics, Alzheimer Disease* / immunology, Alzheimer Disease* / metabolism, Alzheimer Disease* / pathology, Alzheimer Disease* / prevention {\&} control, Animal, Animals, Anti-Inflammatory Agents, Astrocytes / immunology, Astrocytes / pathology, Biomarkers / blood, Biomarkers / cerebrospinal fluid, Brain Injuries / complications*, Brain Injuries / metabolism, Clinical Trials as Topic, Disease Models, Disease Progression, Humans, Immunity, Immunization, Inflammation / diagnosis, Inflammation / immunology, Inflammation / metabolism*, Inflammation Mediators / immunology, Inflammation Mediators / metabolism*, Innate*, Locus Coeruleus / pathology, MEDLINE, Markus P Kummer, Michael T Heneka, Microglia / immunology*, Microglia / pathology*, Monica J Carson, NCBI, NIH, NLM, National Center for Biotechnology Information, National Institutes of Health, National Library of Medicine, Non-Steroidal / therapeutic use*, Nootropic Agents / administration {\&} dosage, Obesity / complications*, Obesity / metabolism, PMC5909703, Phagocytosis, Protein Folding, PubMed Abstract, Review, Risk Factors, Severity of Illness Index, doi:10.1016/S1474-4422(15)70016-5, pmid:25792098}
}

@article{Penke2023NewDisease,
    title = {{New Pathways Identify Novel Drug Targets for the Prevention and Treatment of Alzheimer’s Disease}},
    year = {2023},
    journal = {International Journal of Molecular Sciences},
    author = {Penke, Botond and Sz{\H{u}}cs, Mária and Bog{\'{a}}r, Ferenc},
    number = {6},
    month = {3},
    pages = {5383},
    volume = {24},
    publisher = {Multidisciplinary Digital Publishing Institute},
    url = {https://www.mdpi.com/1422-0067/24/6/5383},
    doi = {10.3390/ijms24065383},
    issn = {1422-0067},
    keywords = {Alzheimer’s disease, A{$\beta$}, amyloid clearance, drug targets, genetics, heat shock proteins, neuroinflammation, tau, toxic amyloids, vascular dysfunction}
}

@article{Elshawi2019OnHypertension,
    title = {{On the interpretability of machine learning-based model for predicting hypertension}},
    year = {2019},
    journal = {BMC Medical Informatics and Decision Making},
    author = {Elshawi, Radwa and Al-Mallah, Mouaz H. and Sakr, Sherif},
    number = {1},
    month = {7},
    pages = {1--32},
    volume = {19},
    publisher = {BioMed Central Ltd},
    url = {https://bmcmedinformdecismak.biomedcentral.com/articles/10.1186/s12911-019-0874-0},
    doi = {10.1186/S12911-019-0874-0/FIGURES/48},
    issn = {14726947},
    pmid = {31357998},
    keywords = {Hypertension, Interpretability, Machine learning}
}

@article{VanRickstal2023PeopleConsiderations,
    title = {{People with young-onset dementia and their family caregivers discussing euthanasia: A qualitative analysis of their considerations}},
    year = {2023},
    journal = {Patient education and counseling},
    author = {Van Rickstal, Romy and De Vleminck, Aline and Chambaere, Kenneth and Van den Block, Lieve},
    month = {10},
    volume = {115},
    publisher = {Patient Educ Couns},
    url = {https://pubmed.ncbi.nlm.nih.gov/37487346/},
    doi = {10.1016/J.PEC.2023.107882},
    issn = {1873-5134},
    pmid = {37487346},
    keywords = {Advance Care Planning*, Aline De Vleminck, Caregivers / psychology, Dementia* / psychology, Euthanasia*, Family / psychology, Humans, Lieve Van den Block, MEDLINE, NCBI, NIH, NLM, National Center for Biotechnology Information, National Institutes of Health, National Library of Medicine, Non-U.S. Gov't, PubMed Abstract, Qualitative Research, Research Support, Romy Van Rickstal, doi:10.1016/j.pec.2023.107882, pmid:37487346}
}

@article{Aguillon2023PlasmaDisease,
    title = {{Plasma p-tau217 predicts in vivo brain pathology and cognition in autosomal dominant Alzheimer's disease}},
    year = {2023},
    journal = {Alzheimer's {\&} dementia : the journal of the Alzheimer's Association},
    author = {Aguillon, David and Langella, Stephanie and Chen, Yinghua and Sanchez, Justin S. and Su, Yi and Vila-Castelar, Clara and Vasquez, Daniel and Zetterberg, Henrik and Hansson, Oskar and Dage, Jeffrey L. and Janelidze, Shorena and Chen, Kewei and Fox-Fuller, Joshua T. and Aduen, Paula and Martinez, Jairo E. and Garcia, Gloria and Baena, Ana and Guzman, Claudia and Johnson, Keith A. and Sperling, Reisa A. and Blennow, Kaj and Reiman, Eric M. and Lopera, Francisco and Quiroz, Yakeel T.},
    number = {6},
    month = {6},
    pages = {2585--2594},
    volume = {19},
    publisher = {Alzheimers Dement},
    url = {https://pubmed.ncbi.nlm.nih.gov/36571821/},
    doi = {10.1002/ALZ.12906},
    issn = {1552-5279},
    pmid = {36571821},
    keywords = {Alzheimer Disease* / diagnostic imaging, Alzheimer Disease* / genetics, Amyloid / metabolism, Amyloid beta-Peptides / metabolism, Amyloidogenic Proteins, Biomarkers, Brain / pathology, Cognition, David Aguillon, Extramural, Humans, MEDLINE, N.I.H., NCBI, NIH, NLM, National Center for Biotechnology Information, National Institutes of Health, National Library of Medicine, Non-U.S. Gov't, PMC10271963, Positron-Emission Tomography / methods, Presenilin-1 / genetics, PubMed Abstract, Research Support, Stephanie Langella, Yakeel T Quiroz, doi:10.1002/alz.12906, pmid:36571821, tau Proteins / metabolism}
}

@article{Mila-Aloma2022PlasmaDisease,
    title = {{Plasma p-tau231 and p-tau217 as state markers of amyloid-{$\beta$} pathology in preclinical Alzheimer's disease}},
    year = {2022},
    journal = {Nature medicine},
    author = {Mil{\`{a}}-Alom{\`{a}}, Marta and Ashton, Nicholas J. and Shekari, Mahnaz and Salvad{\'{o}}, Gemma and Ortiz-Romero, Paula and Montoliu-Gaya, Laia and Benedet, Andrea L. and Karikari, Thomas K. and Lantero-Rodriguez, Juan and Vanmechelen, Eugeen and Day, Theresa A. and Gonz{\'{a}}lez-Escalante, Armand and S{\'{a}}nchez-Benavides, Gonzalo and Minguillon, Carolina and Fauria, Karine and Molinuevo, José Luis and Dage, Jeffrey L. and Zetterberg, Henrik and Gispert, Juan Domingo and Su{\'{a}}rez-Calvet, Marc and Blennow, Kaj},
    number = {9},
    month = {9},
    pages = {1797--1801},
    volume = {28},
    publisher = {Nat Med},
    url = {https://pubmed.ncbi.nlm.nih.gov/35953717/},
    doi = {10.1038/S41591-022-01925-W},
    issn = {1546-170X},
    pmid = {35953717},
    keywords = {Alzheimer Disease* / diagnostic imaging, Amyloid, Amyloid beta-Peptides, Biomarkers, Extramural, Humans, Kaj Blennow, MEDLINE, Marta Mil{\`{a}}-Alom{\`{a}}, N.I.H., NCBI, NIH, NLM, National Center for Biotechnology Information, National Institutes of Health, National Library of Medicine, Nicholas J Ashton, Non-U.S. Gov't, PMC9499867, Plaque, Positron-Emission Tomography, PubMed Abstract, Research Support, doi:10.1038/s41591-022-01925-w, pmid:35953717, tau Proteins}
}

@article{Ferreira2023PlasmaIndividuals,
    title = {{Plasma p-tau231 and p-tau217 inform on tau tangles aggregation in cognitively impaired individuals}},
    year = {2023},
    journal = {Alzheimer's {\&} dementia : the journal of the Alzheimer's Association},
    author = {Ferreira, Pamela C.L. and Therriault, Joseph and Tissot, Cécile and Ferrari-Souza, João Pedro and Benedet, Andréa L. and Povala, Guilherme and Bellaver, Bruna and Leffa, Douglas T. and Brum, Wagner S. and Lussier, Firoza Z. and Bezgin, Gleb and Servaes, Stijn and Vermeiren, Marie and Macedo, Arthur C. and Cabrera, Arlec and Stevenson, Jenna and Triana-Baltzer, Gallen and Kolb, Hartmuth and Rahmouni, Nesrine and Klunk, William E. and Lopez, Oscar L. and Villemagne, Victor L. and Cohen, Ann and Tudorascu, Dana L. and Zimmer, Eduardo R. and Karikari, Thomas K. and Ashton, Nicholas J. and Zetterberg, Henrik and Blennow, Kaj and Gauthier, Serge and Rosa-Neto, Pedro and Pascoal, Tharick A.},
    publisher = {Alzheimers Dement},
    url = {https://pubmed.ncbi.nlm.nih.gov/37534889/},
    doi = {10.1002/ALZ.13393},
    issn = {1552-5279},
    pmid = {37534889},
    keywords = {Joseph Therriault, MEDLINE, NCBI, NIH, NLM, National Center for Biotechnology Information, National Institutes of Health, National Library of Medicine, Pamela C L Ferreira, PubMed Abstract, Tharick A Pascoal, doi:10.1002/alz.13393, pmid:37534889}
}

@article{Mattsson-Carlgren2023PredictionBiomarkers,
    title = {{Prediction of Longitudinal Cognitive Decline in Preclinical Alzheimer Disease Using Plasma Biomarkers}},
    year = {2023},
    journal = {JAMA neurology},
    author = {Mattsson-Carlgren, Niklas and Salvad{\'{o}}, Gemma and Ashton, Nicholas J. and Tideman, Pontus and Stomrud, Erik and Zetterberg, Henrik and Ossenkoppele, Rik and Betthauser, Tobey J. and Cody, Karly Alex and Jonaitis, Erin M. and Langhough, Rebecca and Palmqvist, Sebastian and Blennow, Kaj and Janelidze, Shorena and Johnson, Sterling C. and Hansson, Oskar},
    number = {4},
    month = {4},
    pages = {360--369},
    volume = {80},
    publisher = {JAMA Neurol},
    url = {https://pubmed.ncbi.nlm.nih.gov/36745413/},
    doi = {10.1001/JAMANEUROL.2022.5272},
    issn = {2168-6157},
    pmid = {36745413},
    keywords = {Aged, Alzheimer Disease* / cerebrospinal fluid, Amyloid beta-Peptides / metabolism, Biomarkers, Cognitive Dysfunction*, Extramural, Female, Gemma Salvad{\'{o}}, Humans, Longitudinal Studies, MEDLINE, Male, Middle Aged, N.I.H., NCBI, NIH, NLM, National Center for Biotechnology Information, National Institutes of Health, National Library of Medicine, Niklas Mattsson-Carlgren, Non-U.S. Gov't, Oskar Hansson, PMC10087054, Positron-Emission Tomography, Prospective Studies, PubMed Abstract, Research Support, doi:10.1001/jamaneurol.2022.5272, pmid:36745413, tau Proteins / cerebrospinal fluid}
}

@article{KollerProbabilisticTechniques,
    title = {{Probabilistic Graphical Models: Principles and Techniques}},
    author = {Koller, Daphne and Friedman, Nir}
}

@article{Peeters2022Rags2ridges:Matrices,
    title = {{rags2ridges: A One-Stop-ℓ2-Shop for Graphical Modeling of High-Dimensional Precision Matrices}},
    year = {2022},
    journal = {Journal of Statistical Software},
    author = {Peeters, Carel F.W. and Bilgrau, Anders Ellern and van Wieringen, Wessel N.},
    month = {5},
    pages = {1--32},
    volume = {102},
    publisher = {American Statistical Association},
    url = {https://www.jstatsoft.org/index.php/jss/article/view/v102i04},
    doi = {10.18637/JSS.V102.I04},
    issn = {1548-7660},
    arxivId = {2010.05619},
    keywords = {R, dimensional data, graphical modeling, high, networks, regularization}
}

@article{Tibshiranit1996RegressionLasso,
    title = {{Regression Shrinkage and Selection Via the Lasso}},
    year = {1996},
    journal = {Journal of the Royal Statistical Society: Series B (Methodological)},
    author = {Tibshiranit, Robert},
    number = {1},
    month = {1},
    pages = {267--288},
    volume = {58},
    publisher = {John Wiley {\&} Sons, Ltd},
    url = {https://onlinelibrary.wiley.com/doi/full/10.1111/j.2517-6161.1996.tb02080.x https://onlinelibrary.wiley.com/doi/abs/10.1111/j.2517-6161.1996.tb02080.x https://rss.onlinelibrary.wiley.com/doi/10.1111/j.2517-6161.1996.tb02080.x},
    doi = {10.1111/J.2517-6161.1996.TB02080.X},
    issn = {2517-6161},
    keywords = {quadratic programming, regression, shrinkage, subset selection}
}

@article{Zou2005RegularizationNet,
    title = {{Regularization and Variable Selection Via the Elastic Net}},
    year = {2005},
    journal = {Journal of the Royal Statistical Society Series B: Statistical Methodology},
    author = {Zou, Hui and Hastie, Trevor},
    number = {2},
    month = {4},
    pages = {301--320},
    volume = {67},
    publisher = {Oxford Academic},
    url = {https://dx.doi.org/10.1111/j.1467-9868.2005.00503.x},
    doi = {10.1111/J.1467-9868.2005.00503.X},
    issn = {1369-7412},
    keywords = {Grouping effect, LARS algorithm, Lasso, P ≫ n problem, Penalization, Variable selection}
}

@article{Cessie1992RidgeRegression,
    title = {{Ridge Estimators in Logistic Regression}},
    year = {1992},
    journal = {Journal of the Royal Statistical Society: Series C (Applied Statistics)},
    author = {Cessie, S. le and Houwelingen, J. C. van},
    number = {1},
    month = {3},
    pages = {191--201},
    volume = {41},
    publisher = {John Wiley {\&} Sons, Ltd},
    url = {https://onlinelibrary.wiley.com/doi/full/10.2307/2347628 https://onlinelibrary.wiley.com/doi/abs/10.2307/2347628 https://rss.onlinelibrary.wiley.com/doi/10.2307/2347628},
    doi = {10.2307/2347628},
    issn = {1467-9876},
    keywords = {Cross, Deoxyribonucleic acid histogram, Logistic regression, Predictive value, Ridge regression, validation}
}

@article{Barupal2019SetsPathophysiology,
    title = {{Sets of coregulated serum lipids are associated with Alzheimer's disease pathophysiology}},
    year = {2019},
    journal = {Alzheimer's {\&} Dementia: Diagnosis, Assessment {\&} Disease Monitoring},
    author = {Barupal, Dinesh Kumar and Baillie, Rebecca and Fan, Sili and Saykin, Andrew J. and Meikle, Peter J. and Arnold, Matthias and Nho, Kwangsik and Fiehn, Oliver and Kaddurah-Daouk, Rima},
    month = {12},
    pages = {619--627},
    volume = {11},
    publisher = {No longer published by Elsevier},
    doi = {10.1016/J.DADM.2019.07.002},
    issn = {2352-8729},
    keywords = {Alzheimer's disease, Dyslipidemias, Lipid biochemistry, Lipidomics, Mass spectrometry}
}

@article{Arnold2020SexMetabolome,
    title = {{Sex and APOE {$\epsilon$}4 genotype modify the Alzheimer’s disease serum metabolome}},
    year = {2020},
    journal = {Nature Communications 2020 11:1},
    author = {Arnold, Matthias and Nho, Kwangsik and Kueider-Paisley, Alexandra and Massaro, Tyler and Huynh, Kevin and Brauner, Barbara and MahmoudianDehkordi, Siamak and Louie, Gregory and Moseley, M. Arthur and Thompson, J. Will and John-Williams, Lisa St and Tenenbaum, Jessica D. and Blach, Colette and Chang, Rui and Brinton, Roberta D. and Baillie, Rebecca and Han, Xianlin and Trojanowski, John Q. and Shaw, Leslie M. and Martins, Ralph and Weiner, Michael W. and Trushina, Eugenia and Toledo, Jon B. and Meikle, Peter J. and Bennett, David A. and Krumsiek, Jan and Doraiswamy, P. Murali and Saykin, Andrew J. and Kaddurah-Daouk, Rima and Kastenm{\"{u}}ller, Gabi},
    number = {1},
    month = {3},
    pages = {1--12},
    volume = {11},
    publisher = {Nature Publishing Group},
    url = {https://www.nature.com/articles/s41467-020-14959-w},
    doi = {10.1038/s41467-020-14959-w},
    issn = {2041-1723},
    pmid = {32123170},
    keywords = {Alzheimer's disease, Metabolomics, Predictive markers}
}

@article{Peeters2019StableData,
    title = {{Stable prediction with radiomics data}},
    year = {2019},
    author = {Peeters, Carel F. W. and {\"{U}}belh{\"{o}}r, Caroline and Mes, Steven W. and Martens, Roland and Koopman, Thomas and de Graaf, Pim and van Velden, Floris H. P. and Boellaard, Ronald and Castelijns, Jonas A. and Beest, Dennis E. te and Heymans, Martijn W. and van de Wiel, Mark A.},
    month = {3},
    url = {https://arxiv.org/abs/1903.11696v1},
    isbn = {1903.11696v1},
    arxivId = {1903.11696},
    keywords = {Classification, Factor analysis, High-dimensional data, Prediction models, Ra-diomics}
}

@article{Lombardi2020StructuralImpairment,
    title = {{Structural magnetic resonance imaging for the early diagnosis of dementia due to Alzheimer's disease in people with mild cognitive impairment}},
    year = {2020},
    journal = {Cochrane Database of Systematic Reviews},
    author = {Lombardi, Gemma and Crescioli, Giada and Cavedo, Enrica and Lucenteforte, Ersilia and Casazza, Giovanni and Bellatorre, Alessandro Giacco and Lista, Chiara and Costantino, Giorgio and Frisoni, Giovanni and Virgili, Gianni and Filippini, Graziella},
    number = {3},
    month = {3},
    volume = {2020},
    publisher = {John Wiley and Sons Ltd},
    doi = {10.1002/14651858.CD009628.PUB2/EPDF/ABSTRACT},
    issn = {1469493X},
    pmid = {32119112}
}

@article{VanDerVelpen2019SystemicDisease,
    title = {{Systemic and central nervous system metabolic alterations in Alzheimer's disease}},
    year = {2019},
    journal = {Alzheimer's Research and Therapy},
    author = {Van Der Velpen, Vera and Teav, Tony and Gallart-Ayala, Héctor and Mehl, Florence and Konz, Ioana and Clark, Christopher and Oikonomidi, Aikaterini and Peyratout, Gwendoline and Henry, Hugues and Delorenzi, Mauro and Ivanisevic, Julijana and Popp, Julius},
    number = {1},
    month = {11},
    pages = {1--12},
    volume = {11},
    publisher = {BioMed Central Ltd.},
    url = {https://link.springer.com/articles/10.1186/s13195-019-0551-7 https://link.springer.com/article/10.1186/s13195-019-0551-7},
    doi = {10.1186/S13195-019-0551-7/FIGURES/5},
    issn = {17589193},
    pmid = {31779690},
    keywords = {Alzheimer's disease, CSF AD biomarkers, Energy metabolism, Metabolomics, Tryptophan pathway}
}

@misc{TheCanada,
    title = {{The 10 benefits of early diagnosis | Alzheimer Society of Canada}},
    url = {https://alzheimer.ca/en/about-dementia/do-i-have-dementia/how-get-tested-dementia/10-benefits-early-diagnosis}
}

@article{Kurkinen2023TheThinking,
    title = {{The Amyloid Cascade Hypothesis in Alzheimer’s Disease: Should We Change Our Thinking?}},
    year = {2023},
    journal = {Biomolecules 2023, Vol. 13, Page 453},
    author = {Kurkinen, Markku and Fu{\l}ek, Michał and Fu{\l}ek, Katarzyna and Besz{\l}ej, Jan Aleksander and Kurpas, Donata and Leszek, Jerzy},
    number = {3},
    month = {3},
    pages = {453},
    volume = {13},
    publisher = {Multidisciplinary Digital Publishing Institute},
    url = {https://www.mdpi.com/2218-273X/13/3/453/htm https://www.mdpi.com/2218-273X/13/3/453},
    doi = {10.3390/BIOM13030453},
    issn = {2218-273X},
    pmid = {36979388},
    keywords = {E280A, EAAT2, amyloid hypothesis, astrocyte, dementia, presenilin}
}

@article{Kepp2023TheReview,
    title = {{The amyloid cascade hypothesis: an updated critical review}},
    year = {2023},
    author = {Kepp, Kasper P and Robakis, Nikolaos K and H{\o}ilund-Carlsen, Poul F and Sensi, Stefano L and Vissel, Bryce},
    url = {https://doi.org/10.1093/brain/awad159},
    isbn = {2,136,162,187},
    doi = {10.1093/brain/awad159},
    keywords = {Alzheimer’s disease, aducanumab, amyloid cascade hypothesis, lecanemab, {$\beta$}-amyloid}
}

@article{Weng2019TheImpairment,
    title = {{The Differences of Serum Metabolites Between Patients With Early-Stage Alzheimer's Disease and Mild Cognitive Impairment}},
    year = {2019},
    journal = {Frontiers in Neurology},
    author = {Weng, Wei Chieh and Huang, Wen Yi and Tang, Hsiang Yu and Cheng, Mei Ling and Chen, Kuan Hsing},
    month = {11},
    pages = {482026},
    volume = {10},
    publisher = {Frontiers Media S.A.},
    doi = {10.3389/FNEUR.2019.01223/BIBTEX},
    issn = {16642295},
    keywords = {Alzheimer's disease, P 180 kit, dementia, metabolomics, mild cognitive impairment, serum metabolite}
}

@article{Wilkinson2016TheStewardship,
    title = {{The FAIR Guiding Principles for scientific data management and stewardship}},
    year = {2016},
    journal = {Scientific Data 2016 3:1},
    author = {Wilkinson, Mark D. and Dumontier, Michel and Aalbersberg, IJsbrand Jan and Appleton, Gabrielle and Axton, Myles and Baak, Arie and Blomberg, Niklas and Boiten, Jan Willem and da Silva Santos, Luiz Bonino and Bourne, Philip E. and Bouwman, Jildau and Brookes, Anthony J. and Clark, Tim and Crosas, Mercè and Dillo, Ingrid and Dumon, Olivier and Edmunds, Scott and Evelo, Chris T. and Finkers, Richard and Gonzalez-Beltran, Alejandra and Gray, Alasdair J.G. and Groth, Paul and Goble, Carole and Grethe, Jeffrey S. and Heringa, Jaap and t Hoen, Peter A.C. and Hooft, Rob and Kuhn, Tobias and Kok, Ruben and Kok, Joost and Lusher, Scott J. and Martone, Maryann E. and Mons, Albert and Packer, Abel L. and Persson, Bengt and Rocca-Serra, Philippe and Roos, Marco and van Schaik, Rene and Sansone, Susanna Assunta and Schultes, Erik and Sengstag, Thierry and Slater, Ted and Strawn, George and Swertz, Morris A. and Thompson, Mark and Van Der Lei, Johan and Van Mulligen, Erik and Velterop, Jan and Waagmeester, Andra and Wittenburg, Peter and Wolstencroft, Katherine and Zhao, Jun and Mons, Barend},
    number = {1},
    month = {3},
    pages = {1--9},
    volume = {3},
    publisher = {Nature Publishing Group},
    url = {https://www.nature.com/articles/sdata201618},
    doi = {10.1038/sdata.2016.18},
    issn = {2052-4463},
    pmid = {26978244},
    keywords = {Publication characteristics, Research data}
}

@article{VanCauwenberghe2015ThePerspectives,
    title = {{The genetic landscape of Alzheimer disease: clinical implications and perspectives}},
    year = {2015},
    journal = {Genetics in Medicine 2016 18:5},
    author = {Van Cauwenberghe, Caroline and Van Broeckhoven, Christine and Sleegers, Kristel},
    number = {5},
    month = {8},
    pages = {421--430},
    volume = {18},
    publisher = {Nature Publishing Group},
    url = {https://www.nature.com/articles/gim2015117},
    doi = {10.1038/gim.2015.117},
    issn = {1530-0366},
    pmid = {26312828},
    keywords = {Alzheimer's disease, Disease genetics, Medical genetics, monogenic AD, susceptibility loci}
}

@article{Wimo2023The2019,
    title = {{The worldwide costs of dementia in 2019}},
    year = {2023},
    journal = {Alzheimer's {\&} Dementia},
    author = {Wimo, Anders and Seeher, Katrin and Cataldi, Rodrigo and Cyhlarova, Eva and Dielemann, Joseph L. and Frisell, Oskar and Guerchet, Maëlenn and J{\"{o}}nsson, Linus and Malaha, Angeladine Kenne and Nichols, Emma and Pedroza, Paola and Prince, Martin and Knapp, Martin and Dua, Tarun},
    publisher = {John Wiley {\&} Sons, Ltd},
    url = {https://onlinelibrary.wiley.com/doi/full/10.1002/alz.12901 https://onlinelibrary.wiley.com/doi/abs/10.1002/alz.12901 https://alz-journals.onlinelibrary.wiley.com/doi/10.1002/alz.12901},
    doi = {10.1002/ALZ.12901},
    issn = {1552-5279},
    pmid = {36617519},
    keywords = {Alzheimer´s disease, cost, dementia, economics, illness study, informal care, of}
}

@article{QasimAbbas2023TransformedMRI,
    title = {{Transformed domain convolutional neural network for Alzheimer's disease diagnosis using structural MRI}},
    year = {2023},
    journal = {Pattern Recognition},
    author = {Qasim Abbas, S. and Chi, Lianhua and Chen, Yi Ping Phoebe},
    month = {1},
    pages = {109031},
    volume = {133},
    publisher = {Pergamon},
    doi = {10.1016/J.PATCOG.2022.109031},
    issn = {0031-3203},
    keywords = {AD diagnosis, Alzheimer disease (AD) detection, Brain disease, Convolutional neural network (CNN), Structural magnetic resonance imaging (sMRI), Supervised learning, Transform domain AD classification}
}

@misc{MartinPrince2015WorldTrends,
    title = {{World Alzheimer Report 2015: The global impact of dementia: An analysis of prevalence, incidence, cost and trends}},
    year = {2015},
    author = {Martin Prince, Authors and Wimo, Anders and Guerchet, Maëlenn and Gemma-Claire Ali, Miss and Wu, Yu-Tzu and Prina, Matthew and Yee Chan, Kit and Xia, Zhiyu},
    month = {9},
    url = {https://www.alzint.org/resource/world-alzheimer-report-2015/}
}